<record><leader>00000cas a22000007a 4500</leader><controlfield tag="001">12767593</controlfield><controlfield tag="008">851107d18331838tnuwr ne      0    0eng  </controlfield><datafield ind1=" " ind2=" " tag="010"><subfield code="a">sn 85042653 </subfield></datafield><datafield ind1=" " ind2=" " tag="040"><subfield code="a">DLC</subfield><subfield code="b">eng</subfield><subfield code="c">DLC</subfield><subfield code="d">NPA</subfield><subfield code="d">PPM</subfield><subfield code="d">FUG</subfield><subfield code="d">OCL</subfield><subfield code="d">TGN</subfield><subfield code="d">OCLCO</subfield><subfield code="d">OCLCQ</subfield><subfield code="d">OCLCF</subfield></datafield><datafield ind1="1" ind2=" " tag="029"><subfield code="a">AU@</subfield><subfield code="b">000025823368</subfield></datafield><datafield ind1=" " ind2=" " tag="042"><subfield code="a">msc</subfield></datafield><datafield ind1=" " ind2=" " tag="043"><subfield code="a">n-us-tn</subfield></datafield><datafield ind1="0" ind2="0" tag="050"><subfield code="a">Newspaper 9793-X</subfield></datafield><datafield ind1="0" ind2=" " tag="130"><subfield code="a">Tennessee journal (Athens, Tenn. : 1833)</subfield></datafield><datafield ind1="1" ind2="0" tag="245"><subfield code="a">Tennessee journal.</subfield></datafield><datafield ind1=" " ind2=" " tag="260"><subfield code="a">Athens [Tenn.] :</subfield><subfield code="b">Gibbs and Hood</subfield></datafield><datafield ind1=" " ind2=" " tag="300"><subfield code="a">v. :</subfield><subfield code="b">ill. (chiefly advertisements) ;</subfield><subfield code="c">53 cm.</subfield></datafield><datafield ind1=" " ind2=" " tag="310"><subfield code="a">Weekly</subfield></datafield><datafield ind1="1" ind2=" " tag="362"><subfield code="a">Began in 1833; ceased in 1838.</subfield><subfield code="z">Cf. NIM.</subfield></datafield><datafield ind1=" " ind2=" " tag="500"><subfield code="a">Publishers: Gibbs &amp; Hood, &lt;1833&gt;; J.M. Gibbs, &lt;1834&gt;; John W.M. Brezeale, &lt;1834-1838&gt;</subfield></datafield><datafield ind1=" " ind2=" " tag="500"><subfield code="a">Editors: A.M. Coffey, &lt;1833&gt;; John W.M. Brezeale, &lt;1834-1838&gt;</subfield></datafield><datafield ind1=" " ind2=" " tag="530"><subfield code="a">Also issued on microfilm from Tennessee State Library and Archives.</subfield></datafield><datafield ind1=" " ind2=" " tag="588"><subfield code="a">Description based on: Vol. 1, no. 8 (May 24, 1833).</subfield></datafield><datafield ind1=" " ind2="0" tag="651"><subfield code="a">Athens (Tenn.)</subfield><subfield code="v">Newspapers.</subfield></datafield><datafield ind1=" " ind2="0" tag="651"><subfield code="a">McMinn County (Tenn.)</subfield><subfield code="v">Newspapers.</subfield></datafield><datafield ind1=" " ind2="7" tag="655"><subfield code="a">Newspapers.</subfield><subfield code="2">fast</subfield><subfield code="0">(OCoLC)fst01423814</subfield></datafield><datafield ind1=" " ind2="7" tag="651"><subfield code="a">Tennessee</subfield><subfield code="z">Athens.</subfield><subfield code="2">fast</subfield><subfield code="0">(OCoLC)fst01212340</subfield></datafield><datafield ind1=" " ind2="7" tag="651"><subfield code="a">Tennessee</subfield><subfield code="z">McMinn County.</subfield><subfield code="2">fast</subfield><subfield code="0">(OCoLC)fst01215723</subfield></datafield><datafield ind1=" " ind2=" " tag="752"><subfield code="a">United States</subfield><subfield code="b">Tennessee</subfield><subfield code="c">McMinn</subfield><subfield code="d">Athens.</subfield></datafield></record>